@book{paloma1988lecciones,
  title={Lecciones de c{\'a}lculo de probabilidades},
  author={Paloma, Vicente Quesada and P{\'e}rez, Alfonso Garc{\'\i}a},
  year={1988},
  publisher={Ediciones D{\'\i}az de Santos}
}
@article{pajares2010aprendizaje,
  title={Aprendizaje autom{\'a}tico un enfoque pr{\'a}ctico},
  author={Pajares, MG and De La Cruz, J},
  journal={RA-MA SA Editorial y Publicaciones. ISBN-10: 8499640117},
  year={2010}
}
@book{g√≥mez2005inferencia,
  title={Inferencia estad{\'\i}stica},
  author={G{\'o}mez Villegas, M.A.},
  isbn={9788479781224},
  url={https://books.google.es/books?id=YOuODwAAQBAJ},
  year={2005},
  publisher={Editorial D{\'\i}az de Santos, S.A.}
}
@book{ross2022simulation,
  title={Simulation},
  author={Ross, Sheldon M},
  year={2022},
  publisher={academic press}
}